@string{eccv="European Conference on Computer Vision"}
@string{iccv="{IEEE} Int. Conf. Computer Vision"}
@string{ijcv="Int. J. Computer Vision"}
@string{cvpr="Int. Conf. Computer Vision \& Pattern Recognition"}
@string{trans-pami="{IEEE} Trans. Pattern Analysis \& Machine Intelligence"}
@string{icra="{IEEE} Int. Conf. Robotics {\&} Automation"}
@string{iros="{IEEE} Int. Workshop Intelligent Robots \& Systems"}
@string{pami="{IEEE} Trans. Pattern Analysis \& Machine Intelligence"}
@string{ijrr="Int. J. Robotics Research"}
@string{isrr="Int. Symposium Robotics Research"}
@string{ras="Robotics \& Autonomous Systems"}

@inproceedings{hartley1992,
 author = {Richard I. Hartley},
 title = {Estimation of Relative Camera Positions for Uncalibrated Cameras},
 booktitle=eccv,
 year = {1992},
 isbn = {3-540-55426-2},
 pages = {579--587},
 publisher = {Springer-Verlag},
 address = {London, UK},
 }
@inproceedings{triggs1996,
	author="B. Triggs",
	title="Factorization Methods for Projective Structure and Motion",
	booktitle=cvpr,
	address="San Francisco",
	year=1996,
	keywords="Projective Reconstruction, Multiple Images,
		  Structure/Motion Decomposition, Matrix Factorization",
	comment="Tomasi-Kanade-like projective reconstruction method for
		  points and lines",
}
@inproceedings{sturm1996,
	author="P. Sturm and B. Triggs",
	title="A Factorization Based Algorithm for Multi-Image 
		Projective Structure and Motion", 
	booktitle=eccv, pages="709--20",
	address="Cambridge, England",
	publisher="Springer-Verlag",
	year=1996
}
@techreport{tomasi1992,
  author = "C. Tomasi and Takeo Kanade",
    title = "Shape and Motion from Image Streams: a Factorization Method - Part 2, 8, 10 Full Report on the Orthographic Case",
    institution = "Robotics Institute, Carnegie Mellon University",
    month = "January",
    year = "1992",
    address = "Pittsburgh, PA"
}
@inproceedings{cour,
 author = {Timothee Cour and Florence Benezit and Jianbo Shi},
 title = {Spectral Segmentation with Multiscale Graph Decomposition},
 booktitle = {Proceedings of the 2005 IEEE Computer Society Conference on Computer Vision and Pattern Recognition (CVPR'05) - Volume 2},
 year = {2005},
 pages = {1124--1131},
}
@inproceedings{yu,
title={Segmentation Using Multiscale Cues},
author={Stella X. Yu },
booktitle = {IEEE Conference on Computer Vision and Pattern Recognition}, 
year = 2004,
pages = {70--77}
}
@inproceedings{ sharon,
    author = "E. Sharon and A. Brandt and R. Basri",
    title = "Fast Multiscale Image Segmentation",
	booktitle = {IEEE Conference on Computer Vision and Pattern Recognition},
    pages = "70--77",
	year = 2000,
}

@article{ shi00normalized,
	author = "Jianbo Shi and Jitendra Malik",
	title = "Normalized Cuts and Image Segmentation",
	journal = "IEEE Transactions on Pattern Analysis and Machine Intelligence",
	volume = "22",
	number = "8",
	pages = "888-905",
	year = "2000"
}
@InProceedings{MartinFTM01,
	author = {D. Martin and C. Fowlkes and D. Tal and J. Malik},
	title = {A Database of Human Segmented Natural Images and its
		Application to Evaluating Segmentation Algorithms and
			Measuring Ecological Statistics},
	booktitle = {Proc. 8th Int'l Conf. Computer Vision},
	year = {2001},
	month = {July},
	volume = {2},
	pages = {416--423}
}
@misc{ mw_FourierTransformGaussian,
	author="Weisstein, Eric W.",
	title="Fourier Transform-Gaussian",
	note="From MathWorld-A Wolfram Web Resource. \url{http://mathworld.wolfram.com/FourierTransformGaussian.html}",
}
@misc{ mw_ConvolutionTheorem,
	author="Weisstein, Eric W.",
	title="Convolution Theorem",
	note="From MathWorld-A Wolfram Web Resource. \url{http://mathworld.wolfram.com/ConvolutionTheorem.html}",
}   
