@inproceedings{cour,
 author = {Timothee Cour and Florence Benezit and Jianbo Shi},
 title = {Spectral Segmentation with Multiscale Graph Decomposition},
 booktitle = {Proceedings of the 2005 IEEE Computer Society Conference on Computer Vision and Pattern Recognition (CVPR'05) - Volume 2},
 year = {2005},
 pages = {1124--1131},
}
@inproceedings{yu,
title={Segmentation Using Multiscale Cues},
author={Stella X. Yu },
booktitle = {IEEE Conference on Computer Vision and Pattern Recognition}, 
year = 2004,
pages = {70--77}
}
@inproceedings{ sharon,
    author = "E. Sharon and A. Brandt and R. Basri",
    title = "Fast Multiscale Image Segmentation",
	booktitle = {IEEE Conference on Computer Vision and Pattern Recognition},
    pages = "70--77",
	year = 2000,
}

@article{ shi00normalized,
	author = "Jianbo Shi and Jitendra Malik",
	title = "Normalized Cuts and Image Segmentation",
	journal = "IEEE Transactions on Pattern Analysis and Machine Intelligence",
	volume = "22",
	number = "8",
	pages = "888-905",
	year = "2000"
}
@InProceedings{MartinFTM01,
	author = {D. Martin and C. Fowlkes and D. Tal and J. Malik},
	title = {A Database of Human Segmented Natural Images and its
		Application to Evaluating Segmentation Algorithms and
			Measuring Ecological Statistics},
	booktitle = {Proc. 8th Int'l Conf. Computer Vision},
	year = {2001},
	month = {July},
	volume = {2},
	pages = {416--423}
}
@misc{ mw_FourierTransformGaussian,
	author="Weisstein, Eric W.",
	title="Fourier Transform-Gaussian",
	note="From MathWorld-A Wolfram Web Resource. \url{http://mathworld.wolfram.com/FourierTransformGaussian.html}",
}
@misc{ mw_ConvolutionTheorem,
	author="Weisstein, Eric W.",
	title="Convolution Theorem",
	note="From MathWorld-A Wolfram Web Resource. \url{http://mathworld.wolfram.com/ConvolutionTheorem.html}",
}   
